@article{shannon1950xxii,
	title={{XXII}. {Programming} a computer for playing chess},
	author={Shannon, Claude E.},
	journal={The London, Edinburgh, and Dublin Philosophical Magazine and Journal of Science},
	volume={41},
	number={314},
	pages={256--275},
	year={1950},
	publisher={Taylor \& Francis},
	doi = {10.1080/14786445008521796},
}
% In the title field, you can preserve capitalization using braces.
% Help your readers look up references by including a doi or url.
